2263 3617
1222 293 1536 331 —104—

1067 415 1220 458 Lobus
1251 415 1544 459 intermedius
1574 418 1669 459 toto
1703 416 1905 471 margine
1937 415 2094 459 nudus.

1277 487 1343 528 73.
1380 483 1472 527 Chl.
1503 483 1757 528 Johowiana
1788 485 1975 528 Kranzl.

1066 566 1232 609 Discus
1279 565 1431 609 labelli
1471 565 1617 609 medio
1650 566 1893 621 falcigerus
1926 566 2171 622 marginem

1138 648 1296 679 versus
1326 635 1589 689 papillosus.

1275 707 1340 747 74.
1378 702 1468 747 Chz.
1501 703 1732 748 collicensis
1762 705 1948 748 Kranzl.

818 786 854 829 ὁ.
888 787 1121 830 Labellum
1155 785 1508 829 suborbiculare.

956 867 1090 920 Spica
1122 879 1300 919 semper
1331 867 1555 921 elongata
1590 867 1747 920 sepala
1779 866 1968 909 flaccida
2000 866 2173 910 deflexa

1024 940 1158 989 torta,
1205 935 1402 989 papillae
1449 942 1494 978 et
1538 935 1733 977 salculae
1779 935 1911 978 facici
1953 936 2171 989 superiori

1022 1010 1198 1048 tantum
1229 1004 1492 1048 insidentes.

1272 1078 1338 1117 75.
1375 1073 1465 1117 ΟΜ.
1496 1073 1637 1117 inc-isa
1667 1075 1835 1127 Poepp.

954 1157 1088 1210 Spica
1135 1156 1438 1208 densiuscula7
1490 1156 1684 1198 falculae
1738 1155 1981 1208 dispositae
2029 1158 2079 1198 ut
2128 1156 2171 1197 in

1025 1225 1325 1279 praecedente
1359 1225 1632 1279 marginales
1667 1224 1713 1265 in
1737 1223 1894 1266 faciem
1917 1224 2170 1266 inferiorem

1022 1299 1320 1349 permeantes.
1355 1294 1632 1348 (Transitum
1654 1294 1841 1347 praebet
1862 1295 1973 1336 haec
1997 1294 2170 1346 species

1024 1366 1079 1408 ad
1113 1366 1355 1408 sectionem
1389 1370 1664 1417 sequentem.

1272 1438 1336 1477 76.
1375 1432 1464 1476 Ghz.
1499 1433 1641 1487 crispa
1672 1433 1817 1475 Lindl.

1104 1586 1155 1628 B.
1204 1585 1646 1640 Heteroglossae.

574 1691 791 1734 Falculae
839 1704 918 1734 seu
964 1691 1159 1745 papillae
1205 1691 1251 1732 in
1297 1689 1411 1732 facie
1443 1689 1654 1732 inferiore
1687 1688 1839 1731 labelli
1873 1689 1963 1731 alia
1994 1689 2169 1731 ratione

647 1761 892 1814 dispositae
927 1773 979 1804 ac
1014 1761 1052 1802 in
1091 1760 1336 1813 superiore7
1369 1759 1580 1802 labellum
1618 1758 1819 1810 simplex.

713 1843 950 1885 Labellum
970 1841 1288 1895 panduratum.
1322 1839 1529 1893 Papillae
1552 1839 1683 1882 faciei
1705 1838 1950 1891 superioris
1971 1837 2166 1880 falcatae

779 1913 824 1954 in
858 1912 999 1955 series
1033 1915 1056 1953 7
1086 1911 1343 1964 dispositae,
1374 1909 1571 1963 papillae
1594 1907 1726 1951 faciei
1746 1907 1972 1950 inferioris
1994 1919 2166 1960 parvae

781 1981 1028 2037 marginem
1061 1984 1322 2034 sequentes3
1352 1979 1512 2032 planta
1548 1977 1742 2034 gracilis.

1266 2052 1331 2091 77.
1369 2046 1458 2090 Chl.
1493 2045 1709 2102 Krueyeri
1738 2046 1853 2089 Phil.

712 2132 945 2174 Labellum
979 2130 1390 2183 ovato-oblongum.
1446 2129 1658 2171 Falculae
1693 2127 1819 2170 basin
1850 2128 2000 2169 labelli
2034 2127 2164 2169 faciei

780 2201 1025 2254 superioris
1079 2202 1372 2252 occupantes,
1423 2199 1561 2241 facies
1608 2196 1793 2240 inferior
1839 2201 1888 2239 ut
1935 2196 1976 2237 in
2037 2208 2163 2248 prae-

780 2270 987 2322 cedente3
1019 2269 1227 2322 plantula
1258 2268 1335 2311 vix
1366 2268 1629 2321 spithamea.

1268 2341 1333 2380 78.
1370 2336 1461 2379 Chl.
1495 2336 1615 2379 chica
1644 2336 1833 2379 Kr‘anzl.

709 2422 944 2464 Labellum
959 2424 1151 2475 anguste
1166 2418 1577 2473 ovato-oblongmn.
1593 2418 1810 2460 Falculae
1826 2415 2163 2469 subquadratae

777 2491 822 2533 in
853 2490 984 2533 lineis
1007 2494 1031 2532 5
1065 2489 1336 2532 centralibus
1358 2487 1490 2530 faciei
1512 2486 1769 2540 superioris,
1805 2485 2002 2538 papillae
2026 2497 2161 2538 quae-

779 2560 881 2603 dam
927 2572 1108 2602 crassae
1154 2559 1200 2601 in
1247 2557 1364 2601 facie
1408 2556 1620 2599 inferiore
1666 2556 1783 2598 int-er
1829 2567 1992 2597 nervos
2034 2554 2163 2597 basin

778 2642 951 2672 versus.
1264 2630 1329 2669 79.
1367 2623 1458 2668 Chl.
1491 2625 1767 2681 heteroylossa
1795 2623 1936 2667 Rchb.
1955 2623 1983 2666 f.

709 2710 946 2753 Labellum
992 2712 1042 2752 ut
1085 2708 1132 2750 in
1172 2707 1473 2761 praecedente
1506 2706 1585 2749 sed
1617 2706 1751 2749 latius
1785 2704 1986 2758 margine
2018 2704 2161 2758 magis

778 2780 1072 2831 crenulatum7
1118 2777 1314 2831 papillae
1357 2789 1541 2819 crassae
1574 2787 1860 2828 compressae
1893 2774 2101 2816 clavatae
2134 2786 2161 2816 a

778 2849 875 2891 basi
921 2861 1061 2901 supra
1105 2846 1300 2890 medium
1346 2845 1479 2889 faciei
1522 2844 1764 2898 superioris
1797 2846 1982 2896 excepto
2015 2842 2158 2895 apice;

777 2918 820 2960 in
853 2917 966 2960 facie
999 2916 1210 2959 inferiore
1244 2915 1462 2959 similibus
1496 2917 1600 2958 ante
1634 2914 1817 2967 apicem.

1263 2988 1331 3030 80.
1367 2983 1457 3029 Ghl.
1491 2983 1710 3028 lamellata
1740 2982 1885 3027 Lindl.
