2164 3627
721 275 1012 315 ..47—

75 399 195 443 floris
228 398 391 453 (adhuc
423 396 615 452 semper)
661 398 780 441 unici
829 398 1086 442 acuminata
1133 398 1334 442 ovarium
1376 398 1506 453 longe
1538 399 1659 452 pedi-

75 469 283 512 cellatum
315 467 658 511 crassiusculum
690 467 802 509 bene
836 467 1091 510 excedente.
1140 467 1314 520 Sepalis
1347 470 1457 509 5-—7
1491 468 1659 511 nerviis

75 535 484 580 ovali-lanceolatis
537 535 804 578 acuminatis
857 535 981 588 apice
1034 549 1121 578 non
1172 535 1451 588 incrassatis,
1497 537 1658 588 petalis

73 606 338 650 lanceolatis
371 604 646 659 aequilongis
679 604 855 647 omnino
889 604 1031 656 nudis,
1068 605 1220 647 labelli
1253 604 1525 648 ascendente
1557 605 1658 648 sim-

73 676 187 729 plice
232 677 326 718 toto
373 674 561 716 circuitu
607 673 818 715 rhombeo
864 673 962 716 basi
1011 677 1201 716 cuneato
1241 673 1386 716 antice
1418 673 1658 726 obtusiore,

73 745 280 798 utrinque
325 743 525 798 margine
570 742 749 795 papillis
797 742 1172 785 numerosissimis
1217 742 1427 785 brevibus
1468 743 1658 786 clavatis

73 812 250 868 (quibus
295 824 469 866 paucae
516 811 654 854 multo
700 811 925 866 longiores
971 811 1265 864 interpositae
1312 810 1433 866 sunt)
1482 812 1658 855 reflexis

72 882 306 934 instructo,
352 881 467 924 callo
513 880 656 933 piloso
694 879 884 935 oblongo
916 880 961 922 in
993 880 1091 924 basi
1124 880 1234 923 disci
1267 883 1312 922 et
1342 880 1473 923 simili
1506 881 1657 934 aequi—

73 963 234 1006 magno
279 950 467 993 barbato
513 949 558 991 in
606 949 745 1002 apice,
796 948 925 993 lineis
977 949 1165 992 elevatis
1213 953 1237 991 3
1282 949 1328 992 in
1375 949 1497 992 disco
1542 950 1659 993 inter

73 1023 308 1073 utrumque
341 1019 516 1063 callum.
563 1042 620 1047 —
664 1018 821 1061 Flores
854 1018 1098 1071 conspicui,
1144 1018 1301 1071 sepala
1338 1022 1406 1071 3,3
1425 1031 1493 1063 cm
1523 1019 1659 1075 longa

75 1092 202 1132 7mm
233 1089 342 1142 lata,
387 1089 542 1142 petala
573 1087 843 1143 aequilonga
877 1091 1030 1140 1-1,2
1048 1100 1114 1130 cm
1148 1088 1256 1140 lata,
1301 1087 1510 1130 labellum
1546 1092 1656 1131 2cm

72 1158 253 1214 longum
286 1162 306 1200 1
327 1171 395 1201 cm
426 1158 578 1200 latum.
609 1179 666 1184 —
697 1156 953 1199 Novembri.

189 1248 397 1293 Chloraea
426 1248 763 1292 Areehavaletae
793 1248 978 1292 Kro'iml.
1011 1248 1060 1292 in
1090 1248 1220 1304 Enyl.
1241 1248 1393 1292 Jahrb.
1416 1248 1490 1291 IX
1505 1249 1659 1303 (1887)

72 1319 178 1373 316,
210 1317 338 1375 Coyn.
368 1318 419 1362 in
448 1318 520 1361 ΕΖ.
542 1317 704 1361 Brasil.
735 1317 822 1360 III
836 1331 883 1372 p.
906 1317 984 1370 IV,
1003 1319 1092 1361 107
1120 1321 1146 1361 t.
1169 1318 1239 1361 90.

184 1411 540 1455 Montevideo.
573 1411 656 1454 Bei
673 1410 1037 1465 Independencia
1054 1410 1231 1465 (Gibert
1249 1411 1304 1454 N.
1321 1414 1406 1453 488
1424 1424 1479 1454 ex
1499 1411 1656 1467 Cogn.;

69 1481 411 1524 Arechavaleta
455 1482 509 1524 N.
539 1480 701 1534 26151).
748 1504 804 1509 —
849 1481 956 1523 Flor
993 1480 1065 1524 del
1102 1480 1221 1535 Sapo
1257 1501 1303 1513 =
1340 1480 1657 1524 Froschblume

70 1550 187 1593 nach
218 1549 390 1594 Gibert.

186 1643 338 1686 Tafel
369 1643 436 1686 IV
455 1643 508 1686 B.

185 1803 449 1848 Chloraea
494 1803 816 1856 penicillata
860 1803 1046 1847 Rchb.f.
1109 1802 1250 1847 Caule
1297 1803 1474 1847 circiter
1516 1809 1654 1848 30om

71 1873 175 1927 alto,
206 1873 324 1917 foliis
356 1873 627 1916 basilaribus
659 1876 708 1916 ut
734 1873 915 1916 videtur
936 1873 1083 1926 nullis,
1116 1873 1305 1916 caulinis
1329 1877 1354 1916 3
1376 1874 1457 1916 sub
1481 1875 1657 1918 anthesi

69 1942 451 1986 marcescentibus
482 1946 595 1985 4—5
614 1955 681 1985 cm
712 1943 858 1997 longis
891 1946 1005 1985 3-4
1020 1955 1108 1984 mm
1138 1943 1244 1985 latis
1288 1942 1406 1986 inter
1443 1956 1490 1986 se
1522 1944 1654 1987 valde

69 2012 353 2064 distantibus,
384 2012 569 2055 bractea
599 2012 718 2055 floris
751 2010 933 2067 (adhuc)
965 2012 1083 2055 unici
1114 2011 1441 2067 vaginaeformi
1476 2012 1655 2056 lineari-

67 2081 258 2136 ligulata
303 2081 505 2124 ovarium
551 2081 787 2125 ovoideum
826 2081 938 2125 satis
970 2093 1173 2124 crassum
1204 2084 1445 2134 superante
1478 2082 1657 2125 circiter

67 2153 136 2203 4,5
155 2163 222 2193 cm
270 2151 416 2206 longa.
480 2150 655 2204 Sepalis
697 2150 948 2204 petalisque
980 2150 1182 2205 ligulatis
1214 2164 1255 2193 v.
1288 2151 1378 2193 late
1409 2151 1654 2194 linearibus

68 2219 237 2263 obtusis
255 2232 354 2262 cum
370 2220 533 2273 petalis
552 2220 831 2275 aequilongis
854 2219 930 2262 sed
956 2219 1290 2275 angustioribus
1313 2220 1654 2264 conniventibus

67 2289 266 2332 incurvis
312 2289 564 2343 petalorum
611 2288 810 2342 apicibus
843 2288 1101 2342 destructis,
1137 2289 1302 2332 labello
1333 2289 1432 2332 basi
1461 2293 1654 2332 cuneato

68 2357 225 2400 deinde
257 2358 443 2413 ligulato
477 2358 623 2401 antice
651 2358 787 2410 paulo
810 2357 999 2401 dilatato
1023 2358 1150 2411 apice
1172 2362 1338 2410 retuSO,
1370 2359 1505 2401 tertia
1524 2362 1653 2412 parte

68 2427 292 2470 anteriore
313 2427 520 2481 utrinque
543 2427 678 2470 dense
700 2427 934 2481 papilloso,
965 2430 1140 2470 tumore
1163 2428 1331 2471 calloso
1354 2431 1458 2470 ante
1482 2427 1654 2481 apicem

65 2496 112 2539 in
144 2496 264 2540 disco
298 2496 430 2539 simili
460 2497 630 2539 minore
662 2496 706 2539 in
739 2496 838 2540 basi
870 2496 995 2549 disci,
1027 2497 1148 2539 linea
1178 2497 1294 2539 inter
1315 2500 1552 2550 utrumque
1573 2509 1654 2550 per

66 2565 238 2609 discum
282 2578 392 2618 una;
439 2565 744 2621 gynostemio?
789 2589 846 2594 —
893 2564 1060 2619 Sepala
1105 2565 1283 2609 circiter
1328 2569 1396 2618 2,5
1416 2579 1481 2608 cm
1518 2566 1653 2620 longa

67 2638 178 2678 7—8
195 2648 281 2678 mm
327 2635 435 2687 lata,
479 2635 633 2687 petala
681 2635 951 2690 aequilonga
998 2638 1023 2677 5
1042 2648 1128 2677 mm
1160 2635 1267 2688 lata,
1299 2634 1510 2678 labellum
1541 2638 1566 2677 2
1585 2647 1653 2677 cm

63 2704 258 2759 longum,
293 2703 347 2746 de
380 2703 527 2746 colore
559 2703 668 2745 nihil
699 2706 889 2746 constat.
913 2728 966 2732 —
998 2704 1180 2747 Floret?
1202 2728 1256 2733 —
1278 2704 1387 2746 Mihi
1419 2716 1506 2746 non
1538 2703 1650 2746 visa.

181 2794 390 2838 Chloraea
403 2794 661 2850 penicillata
681 2795 814 2838 Rchb.
833 2795 864 2849 f.
901 2794 999 2838 Otia
1021 2795 1160 2839 boian.
1183 2795 1423 2851 Hambury.
1452 2794 1486 2836 I
1498 2795 1651 2847 (1875)

61 2865 116 2907 51
146 2879 191 2907 u.
224 2863 369 2907 Xenia
403 2863 574 2907 Orehid.
606 2863 696 2918 III,
716 2865 769 2906 61
802 2867 830 2907 t.
853 2865 939 2907 229
967 2864 1002 2906 Ι
1022 2864 1091 2920 fiy.
1115 2865 1242 2907 1—3.
1302 2863 1352 2908 ie.
1384 2878 1473 2908 non
1509 2862 1652 2906 laud!

179 2957 336 3000 Tierra
367 2957 438 3000 del
461 2957 629 3012 Fuego.
689 2956 870 3013 Orange
892 2957 1103 3000 Harboor
1124 2957 1329 3010 (Wilke's
1351 2953 1649 3009 Expedition).
