2164 3627
1121 283 1408 322 —44—

607 408 842 451 Labellum
887 407 932 449 in
980 406 1101 449 disco
1147 409 1190 449 et
1236 407 1438 463 margine
1475 409 1656 464 papillis
1687 408 1896 463 capitatis
1927 421 2056 461 prae-

677 477 831 529 ditum,
869 477 1025 530 sepala
1057 479 1100 518 et
1132 476 1311 530 saepius
1342 479 1495 531 petala
1524 479 1710 532 pulchre
1739 477 2000 522 retinervia.

1643 552 1681 592 3.
1713 547 1973 603 Papillosae.

605 628 841 671 Labellum
887 626 1078 670 falcibus
1126 630 1170 670 et
1213 627 1393 681 papillis
1441 629 1687 673 attenuatis
1721 630 1767 672 in
1798 628 1938 672 series
1970 628 2058 672 dis-

674 697 832 750 positis
878 696 1085 749 obsitum‚
1131 697 1286 750 petala
1331 699 1512 751 saepius
1563 699 1787 752 papillosa
1832 711 2057 752 nunquam

675 766 933 810 retinervia.
1645 772 1684 812 4.
1718 767 2003 812 Euehloraea.

959 916 1134 960 Sectio
1165 917 1199 959 Ι.
1263 917 1563 962 Uniflorae.

468 1008 650 1062 Species
699 1009 845 1052 adhuc
890 1009 1038 1064 typice
1084 1009 1313 1062 uniflorae,
1359 1010 1572 1054 labellum
1612 1010 1879 1064 praesertim
1912 1010 2058 1054 antice

538 1079 807 1132 papillosum
839 1091 880 1122 v.
913 1079 1014 1133 pilis
1060 1079 1355 1134 longiusculis
1403 1079 1641 1124 barbatum
1686 1080 1732 1123 in
1773 1080 1895 1124 disco
1927 1080 2055 1123 vario

539 1148 668 1191 modo
699 1147 993 1201 pulvinatum.

1041 1261 1188 1307 clavis
1218 1261 1483 1319 specierum.

466 1357 630 1400 Petala
662 1356 788 1410 apice
819 1356 1262 1410 papilloso—dentata.

1299 1430 1336 1470 1.
1371 1424 1462 1470 GM.
1494 1426 1645 1483 Beryii
1674 1427 1861 1471 Hieron.

466 1508 630 1551 Petala
661 1507 789 1561 apice
819 1507 1010 1564 integra.

605 1588 693 1631 Pili
725 1589 770 1631 in
801 1588 1004 1644 margine
1036 1588 1188 1631 labelli
1220 1602 1373 1633 omnes
1408 1590 1676 1646 aequilongi.

1298 1663 1335 1702 2.
1373 1657 1463 1702 th.
1498 1658 1764 1703 Teixeirana
1795 1658 1934 1715 Oogn.

604 1739 690 1782 Pili
741 1739 787 1781 in
837 1739 1040 1794 margine
1090 1739 1243 1782 labelli
1292 1741 1556 1794 plerumque
1609 1741 1864 1797 aequilongi
1919 1741 2057 1785 multo

674 1809 901 1865 longiores
935 1809 1115 1862 quidam
1146 1810 1299 1853 reflexi
1332 1810 1601 1865 interpositi.

1298 1884 1336 1924 3.
1373 1879 1464 1924 ΟΜ.
1496 1880 1833 1925 Areehavaletae
1872 1880 2060 1924 Kranzl.

465 1996 714 2038 Incertae
749 1994 904 2038 sedis.

465 2076 631 2118 Petala
664 2075 790 2128 apice
824 2075 1069 2129 destructa,
1116 2076 1329 2119 labellum
1372 2089 1506 2130 quam
1537 2077 1584 2120 in
1616 2077 1777 2120 ceteris
1809 2077 2060 2133 angustius,

536 2144 990 2200 ligulato-obovatum
1038 2145 1185 2188 antice
1217 2146 1318 2200 pilis
1352 2150 1401 2190 ut
1432 2146 1612 2190 videtur
1645 2146 1926 2202 aequilongis
1956 2146 2056 2190 bar-

535 2214 702 2257 batum.
1372 2213 1461 2258 CM.
1489 2214 1747 2270 penicillata
1775 2216 1918 2259 Rchb.
1936 2215 1963 2258 f.

583 2356 617 2395 1.
667 2352 931 2396 Chloraea
976 2354 1160 2409 Bergii
1205 2354 1390 2397 Hieron.
1466 2354 1712 2398 Radicibus
1759 2354 1951 2398 clavatis
1999 2354 2055 2397 ad

464 2425 575 2464 5cm
607 2423 766 2477 longis,
800 2423 928 2465 caule
963 2427 1132 2465 15—20
1149 2436 1215 2466 cm
1249 2424 1354 2476 alto,
1387 2423 1503 2467 foliis
1535 2424 1807 2468 basilaribus
1839 2427 1953 2467 3——4
1980 2425 2054 2467 ob-

463 2491 608 2546 longis
654 2491 812 2534 obtuse
859 2492 1057 2536 acutatis
1104 2492 1160 2535 ad
1209 2496 1319 2536 Gom
1367 2494 1512 2549 longis
1562 2497 1713 2546 1‚5—2
1731 2506 1801 2536 cm
1836 2493 1941 2536 latis
1973 2493 2055 2537 sub

465 2560 642 2604 anthesi
673 2561 934 2614 plerumque
965 2561 1309 2614 persistentibus
1343 2575 1382 2604 v.
1412 2562 1487 2604 vix
1520 2562 1770 2615 emarsidis,
1802 2562 1978 2618 vaginis
2010 2562 2054 2605 in

465 2643 602 2683 scapo
626 2634 739 2673 3-4
759 2630 905 2685 longis
929 2630 1288 2684 brevi-acutatis,
1320 2631 1504 2675 floribus
1531 2632 1678 2675 adhuc
1700 2644 1877 2685 semper
1898 2631 2054 2685 unicis,

463 2699 650 2742 bractea
694 2700 899 2743 ovarium
944 2701 1127 2753 paulum
1180 2705 1433 2754 superante.
1496 2701 1672 2755 Sepalis
1724 2702 1872 2745 ovatis
1922 2702 2054 2757 longe

464 2769 745 2821 acuminatis,
791 2769 952 2822 petalis
1000 2770 1203 2825 oblongis
1251 2771 1395 2813 acutis
1446 2771 1572 2824 apice
1623 2771 1918 2814 minutissime
1970 2771 2053 2814 sub

462 2839 583 2881 lente
616 2838 917 2892 denticulatis,
948 2839 1018 2882 his
1048 2839 1250 2882 omnibus
1282 2840 1466 2893 pulchre
1498 2840 1755 2884 retinerviis
1787 2841 2054 2894 praesertim

462 2907 640 2961 petalis,
676 2907 839 2950 labello
862 2908 1060 2961 simplice
1084 2909 1354 2952 ascendente
1377 2912 1470 2953 toto
1493 2910 1682 2953 circuitu
1704 2910 2053 2964 ovato-oblongo

462 2976 555 3020 fere
586 2977 856 3031 pandurato,
903 2978 1017 3021 callo
1063 2978 1256 3031 pilorum
1300 2979 1617 3032 paleaceorum
1654 2979 1863 3034 elongato
1896 2991 1923 3021 a
1954 2978 2054 3021 basi
