2263 3617
862 268 1176 306 —105—

363 390 596 433 Labellum
630 389 866 444 oblongum
901 390 1047 432 anticc
1080 390 1153 432 vix
1186 390 1431 445 angustius,
1479 389 1685 442 Papillae
1718 389 1807 432 cla-

432 462 567 503 vatae
613 458 1002 501 numerosissimae
1049 459 1091 501 in
1140 459 1252 502 facie
1287 458 1530 512 superiore,
1567 459 1806 511 punctulae

432 528 617 570 crebrae
648 539 762 580 pone
796 527 1041 582 marginem
1072 528 1116 569 in
1152 528 1266 570 facie
1302 527 1525 570 inferiore.

914 599 980 637 81.
1017 594 1105 637 Chl.
1131 595 1565 650 pseudo-campestris
1596 596 1780 638 Kranzl.

361 676 597 719 Labellum
619 676 1051 730 ovato-triangulum
1072 675 1187 729 (basi
1210 676 1321 719 bene
1340 676 1474 719 latius
1492 689 1625 729 quam
1644 676 1807 729 autice)

431 746 632 800 margine
663 744 1154 798 papillosun1,falculae
1187 745 1231 787 in
1264 745 1392 788 lineis
1424 750 1449 788 ὁ
1482 745 1610 789 basin
1649 757 1806 788 versus

433 815 563 858 faciei
596 814 853 867 superioris.r
886 814 1080 867 papillae
1116 814 1337 867 quaedam
1368 815 1412 857 in
1445 815 1559 857 facie
1596 815 1806 858 inferiore

431 885 638 937 utrinque
676 897 790 936 ponc
829 883 1085 938 marginem,
1125 884 1380 936 sepalorum
1408 883 1557 937 apices
1584 883 1804 937 papillosi.

911 955 977 994 82.
1016 951 1103 994 ΟΜ.
1138 951 1433 1007 trachysepala
1464 952 1651 996 Kr'auzl.

362 1033 595 1076 Labellum
613 1033 871 1076 rhombeum
894 1033 1023 1075 basin
1048 1045 1206 1075 versus
1228 1033 1329 1085 plus
1352 1033 1496 1076 minus
1518 1033 1804 1076 rotundatum

430 1102 575 1145 antice
609 1101 851 1144 (lentatum.

428 1183 586 1237 Margo
621 1182 748 1225 basin
781 1194 940 1224 versus
973 1182 1159 1236 integen
1191 1182 1383 1225 falculae
1407 1183 1602 1226 seriatae
1625 1183 1667 1225 in
1693 1184 1806 1226 faeie

497 1251 725 1304 superiore
773 1255 818 1293 et
860 1251 1057 1304 papillae
1105 1251 1288 1293 crebrae
1335 1253 1580 1306 marginem
1633 1266 1806 1304 versus,

499 1321 691 1363 salculae
724 1321 889 1362 similes
921 1320 1037 1362 inter
1069 1333 1208 1362 venas
1240 1321 1377 1363 totius
1408 1322 1538 1363 faciei
1571 1320 1804 1363 inferioris.

911 1392 978 1431 83.
1016 1388 1103 1431 ΟΜ.
1137 1388 1377 1443 Piquiehen
1409 1390 1554 1433 Lindl.

427 1471 586 1525 Margo
634 1470 768 1513 etiam
816 1469 941 1512 basin
984 1482 1144 1513 versus
1177 1470 1577 1523 lacero-dentatus,
1610 1471 1805 1524 papillae

499 1540 736 1595 elongatae
758 1540 803 1581 in
826 1539 1027 1582 seriebus
1052 1542 1074 1581 7
1098 1539 1373 1582 centralibus
1395 1539 1528 1582 faciei
1549 1540 1806 1593 superioris,

496 1608 691 1651 falculae
715 1612 759 1651 et
779 1608 975 1661 papillae
998 1609 1182 1650 crebrae
1213 1609 1257 1650 in
1288 1608 1409 1651 disco
1432 1608 1562 1651 faciei
1583 1608 1805 1652 inferioris

498 1677 667 1731 apicem
702 1690 872 1720 versus.

913 1751 979 1789 84.
1018 1745 1112 1789 Ohl.
1136 1746 1386 1802 prodi‘qiosa
1416 1747 1556 1790 Rchb.
1575 1746 1602 1789 f.

335 1912 401 1951 50.
450 1907 715 1951 Chloraea
747 1908 1026 1951 virescens
1058 1908 1204 1950 Lindl.
1268 1907 1407 1951 Gaule
1441 1907 1497 1951 ad
1528 1911 1584 1950 50
1600 1920 1668 1950 cm
1701 1908 1803 1956 alto.¹

218 1978 336 2021 foliis
359 1982 468 2020 3—5
501 1977 773 2020 basilaribus
797 1977 1214 2032 obovato-oblongis
1244 1977 1387 2019 acutis
1412 1976 1466 2019 ad
1493 1981 1545 2019 10
1562 1989 1630 2020 cm
1661 1978 1805 2032 longis

220 2047 275 2089 ad
322 2052 346 2089 3
377 2060 442 2089 cm
489 2047 607 2098 latis,
656 2046 831 2102 vaginis
877 2046 922 2088 in
969 2059 1106 2099 scapo
1153 2046 1452 2099 compluribus
1500 2046 1581 2089 sub
1630 2047 1803 2089 anthesi

218 2117 442 2168 scariosis,
475 2116 599 2169 spica
630 2115 1015 2169 pauci-plurissora
1046 2115 1250 2169 (lo—15)
1282 2114 1582 2167 densiuscula,
1610 2115 1804 2158 bracteis

219 2185 483 2228 lanceolatis
530 2185 796 2227 acuminatis
842 2185 1000 2227 ovaria
1038 2185 1356 2237 superantibus
1388 2197 1429 2226 v.
1463 2182 1803 2239 (superioribus)

219 2255 516 2307 aequantibus
548 2258 706 2307 2‚8—4
726 2267 793 2296 cm
826 2254 983 2308 longis.
1036 2253 1198 2307 Sepalo
1231 2253 1399 2296 dorsali
1433 2253 1623 2307 oblongo
1658 2257 1803 2305 acuto,

219 2323 483 2366 lateralibus
507 2323 779 2378 longioribus
802 2323 998 2378 ligulatis
1023 2323 1194 2376 apicem
1216 2335 1374 2365 versus
1397 2323 1578 2375 paulum
1602 2321 1803 2364 dilatatis

218 2393 388 2435 obtusis
420 2392 750 2445 cochleatisque
781 2392 963 2446 paulum
1006 2393 1287 2444 incrassatis,
1319 2392 1478 2444 petalis
1526 2391 1803 2434 brevioribus

218 2462 419 2517 oblongis
467 2462 631 2514 acutis,
678 2461 830 2504 nervis
878 2475 904 2504 a
950 2461 1047 2504 basi
1094 2474 1233 2514 supra
1278 2460 1469 2503 medium
1513 2460 1803 2515 papilligeris,

218 2530 381 2573 labello
404 2530 842 2584 brevi—unguiculato
876 2544 898 2573 e
920 2531 1018 2573 basi
1051 2536 1243 2573 cuneata
1266 2529 1453 2573 dilatato
1486 2529 1659 2582 trilobo,
1690 2529 1802 2572 lobis

217 2599 481 2642 lateralibus
513 2599 714 2655 oblongis
745 2599 999 2643 rotundatis
1030 2600 1130 2642 lobo
1161 2598 1423 2642 intermedio
1445 2597 1614 2653 majore
1645 2597 1803 2641 obtuso

219 2669 366 2711 antice
397 2669 637 2711 rotundato
669 2669 869 2724 margine
915 2669 1078 2722 ubique
1123 2669 1312 2724 integro,
1358 2667 1487 2710 lineis
1523 2680 1603 2720 per
1634 2666 1804 2710 discum

218 2742 244 2780 5
275 2751 316 2781 v.
352 2741 374 2780 7
423 2737 478 2780 ad
526 2738 704 2781 tertiam
749 2741 922 2791 partem
970 2737 1147 2781 falculis
1189 2737 1405 2780 antrorsis
1453 2736 1590 2779 dense
1632 2735 1801 2787 obsitis‚

220 2806 384 2850 additis
414 2806 604 2849 medium
634 2819 777 2859 usque
801 2810 845 2849 et
866 2807 986 2849 ultra
1005 2807 1185 2860 papillis
1208 2807 1308 2859 plus
1331 2806 1477 2848 minus
1498 2805 1658 2861 longis,
1689 2804 1802 2847 lobis

218 2875 478 2919 lateralibus
501 2880 697 2919 ceterum
726 2875 870 2928 nudis,
893 2876 1170 2931 gynostemio
1192 2875 1349 2931 gracili
1376 2876 1423 2926 ³s⁴
1449 2874 1588 2928 sepali
1612 2873 1801 2916 dorsalis

220 2950 441 2999 aequante
489 2949 678 3001 anguste
726 2945 991 3000 marginato.
1039 2969 1093 2974 ἡ
1138 2945 1296 2988 Flores
1342 2943 1505 2997 pallide
1540 2942 1727 2985 brunnei
1759 2955 1799 2985 v.
